% VMCS reversing
@InProceedings{hypervisor_memory_forensics,
    author="Graziano, Mariano, Lanzi, Andrea, Balzarotti, Davide",
    editor="Stolfo, Salvatore J., Stavrou, Angelos, Wright, Charles V.",
    title="Hypervisor Memory Forensics",
    booktitle="Research in Attacks, Intrusions, and Defenses",
    year="2013",
    publisher="Springer Berlin Heidelberg",
    address="Berlin, Heidelberg",
    pages="21-40",
    isbn="978-3-642-41284-4",
    doi={10.1007/978-3-642-41284-4_2}
}


% DMA-based memory forensics
@ARTICLE{amoeba,
    author={Min, Donghyun and Ko, Yungwoo and Walker, Ryan and Lee, Junghee and Kim, Youngjae},
    journal={IEEE Transactions on Computer-Aided Design of Integrated Circuits and Systems},
    title={A Content-based Ransomware Detection and Backup Solid-State Drive for Ransomware Defense},
    year={2021},
    volume={},
    number={},
    pages={1-1},
    doi={10.1109/TCAD.2021.3099084}
}


% NetTLP
@inproceedings {nettlp,
    author = {Yohei Kuga and Ryo Nakamura and Takeshi Matsuya and Yuji Sekiya},
    title = {{NetTLP}: A Development Platform for {PCIe} devices in Software Interacting with Hardware },
    booktitle = {17th USENIX Symposium on Networked Systems Design and Implementation (NSDI 20)},
    year = {2020},
    isbn = {978-1-939133-13-7},
    address = {Santa Clara, CA},
    pages = {141-155},
    url = {https://www.usenix.org/conference/nsdi20/presentation/kuga},
    publisher = {USENIX Association},
    month = feb,
}

% sample
@article{hoge09,
    author  = "ほげ山太郎 and ほげ山次郎",
    yomi    = "ほげやまたろう",
    title   = "ほげほげ理論のHCI分野への応用",
    journal = "ほげほげ学会論文誌",
    volume  = "31",
    number  = "3",
    pages   = "194-201",
    year    = "2009",
}
@inproceedings{hoge08,
    author     = "Taro Hogeyama and Jiro Hogeyama",
    title      = "The Theory of Hoge",
    booktitle  = "The Proceedings of The Hoge Society",
    year       = "2008"
}
@misc{kurokobo10,
    author       = "@kurokobo",
    howpublished = "{http://wiki.kurokobo.com/index.php?LaTeX}"
}
@article{mag_guide12,
    title        = "修士論文のまとめ方について",
    journal      = "大学院ガイド",
    author       = "慶應義塾大学政策・メディア研究科",
    pages        = "39-40"
}
